@Book{Bartlett,
author = {Jonathan Bartlett},
editor = {Dominick Bruno Jr},
title = {Programming from the Ground Up},
publisher = {Bartlett Publishing},
year = {2004},
key = {Bartlett},
address = {Broken Arrow, OK},
month = {Julho},
}

@Misc{Gnu,
key = {GNU},
title = {GNU operating system},
howpublished = {\url{http://gnu.org}},
year = {2010},
}

@Misc{Gfdl,
key = {FSF},
title = {GNU Free Documentation License},
howpublished = {\url{http://www.gnu.org/licenses/fdl.html}},
year = {2008},
}

@Misc{Gcc,
key = {GCC},
title = {GCC, the GNU Compiler Collection},
howpublished = {\url{http://gcc.gnu.org}},
year = {2010},
}