@Book{Sussman,
author = {Ben Collins-Sussman and Brian W. Fitzpatrick and C. Michael Pilato},
title = {Version Control with Subversion},
publisher = {O'Reilly Media},
year = {2008},
edition = {2},
address = {Cambridge, MA},
key={Sussman}
}

@Book{Sullivan,
author = {Bryan O'Sullivan},
title = {Mercurial: The Definitive Guide},
publisher = {O'Reilly Media},
year = {2009},
edition = {1},
address = {Cambridge, MA},
key={Sullivan}
}

@Book{Bar,
author = {Moshe Bar and Karl Fogel},
title = {Open Source Development with CVS},
publisher = {Paraglyph Press},
year = {2003},
edition = {3},
address={Scottsdale, AZ},
key={Fogel}
}

@Book{Chacon,
author = {Scott Chacon},
title = {Pro Git},
publisher = {Apress},
year = {2009},
address = {New York, NY},
edition = {1},
month = {8},
}

@online{Grune,
author = {Dick Grune},
title = {Dick Grune's website},
year = {2003},
url = {\url{http://www.cs.vu.nl/~dick/CVS.html#History}}
}

@online{Torvalds,
author = {Linus Torvalds},
title = {What would you like to see most in minix?},
address = {Usenet group comp.os.minix},
year = {1991},
month = {Agosto},
url = {\url{http://groups.google.com/group/comp.os.minix/msg/b813d52cbc5a044b}}
}

@Article{Hunt,
author = {James W. Hunt and M. Douglas McIlroy},
title = {An Algorithm for Differential File Comparison},
journal = {Computing Science Technical Report},
year = {1976},
month = {Junho},
address = {Bell Laboratories},
}
