@Book{Rochkind,
author = {Marc J. Rochkind},
title = {Advanced UNIX Programming},
publisher = {Addison-Wesley Professional},
year = {2004},
edition = {2},
key={Rochkind},
}

@Book{Mitchell,
author = {Mark L. Mitchell, Alex Samuel, Jeffrey Oldham},
title = {Advanced Linux Programming},
publisher = {Sams},
year = {2001},
}

@online{Susam,
author = {Susam Pal},
title = {Susam Pal's website},
year = {2010},
url = {\url{http://susam.in/articles/boot-sector-code}},
}

@Manual{Man,
author = {Colin Watson},
title = {Unix Online Manual},
key = {MAN},
month = {Fevereiro},
year = {2010},
}
